<collection xmlns="http://www.loc.gov/MARC21/slim"><record><leader>00418nam0 2200145   450</leader><controlfield tag="001">432</controlfield><controlfield tag="003">http://montalegre.opacnet.com/OPAC/default.aspx?ContentAreaControl=ShowRegHoldings.ascx&amp;RegNo=16662</controlfield><datafield tag="020" ind1=" " ind2=" "><subfield code="a">BR</subfield></datafield><datafield tag="100" ind1=" " ind2=" "><subfield code="a">d--------k  y0pory0103    ba</subfield></datafield><datafield tag="101" ind1="0" ind2=" "><subfield code="a">por</subfield></datafield><datafield tag="102" ind1=" " ind2=" "><subfield code="a">BR</subfield></datafield><datafield tag="200" ind1="1" ind2=" "><subfield code="a">&lt;O &gt;lirio da montanha</subfield><subfield code="f">M. Delly</subfield><subfield code="g">Trad. Lygia Estrada</subfield></datafield><datafield tag="215" ind1=" " ind2=" "><subfield code="a">224p.</subfield><subfield code="d">20cm</subfield></datafield><datafield tag="702" ind1=" " ind2="1"><subfield code="a">Estrada</subfield><subfield code="b">Lygia</subfield></datafield><datafield tag="801" ind1=" " ind2="0"><subfield code="a">PT</subfield><subfield code="b">Biblioteca Municipal de Montalegre</subfield><subfield code="g">RPC</subfield></datafield><datafield tag="909" ind1="&#9;" ind2=" "><subfield code="a">1</subfield></datafield><datafield tag="966" ind1=" " ind2=" "><subfield code="a">0008239</subfield><subfield code="l">BMM</subfield><subfield code="s">SCG 821 DEL lyr 8</subfield></datafield></record></collection>